2567 4550
279 467 912 615 aranunoussmvnonvu:
1005 547 1046 618 η
1081 501 1086 508 ’

145 749 174 796 ,-,
196 724 264 774 um
283 695 321 772 ἃ
337 697 541 801 Agilium,
564 683 795 789 Potiorum,
819 697 1044 801 Primipilo·

147 873 174 911 „
194 840 305 921 rum,
336 809 605 916 Peditumque
627 802 927 889 Pixidariorum
955 836 1045 890 nos·

132 934 135 943 “
145 947 373 1034 „trorum,.
391 929 553 1006 ubivis
530 955 582 1004 m
602 928 746 1033 Regno
760 943 897 1039 nostro
918 930 1052 1004 Tran-
1088 990 1093 1002 .

146 1047 406 1147 ‚,sylvaniae,
430 1030 628 1148 signanter
640 1071 738 1121 vero
753 1033 799 1121 in
810 1044 962 1147 septem
976 1044 1047 1121 Se·

147 1161 312 1262 „dibus
351 1160 629 1236 Siculiealibus
668 1164 994 1236 constitutorum
1010 1160 1051 1236 dt

147 1336 175 1376 ‚,
193 1278 466 1368 reddentium,
507 1279 556 1351 de
586 1277 832 1353 restituenda
860 1280 1051 1375 antiquis-

147 1442 177 1491 „-
196 1394 292 1467 suna
310 1391 485 1493 ipsorum
508 1391 692 1466 libertate
713 1388 962 1466 subnotanda¹
980 1392 1049 1467 hu·

147 1565 175 1606 „
195 1509 341 1583 militer
357 1507 674 1606 requisivissent,
697 1521 843 1608 postea
863 1530 960 1581 vero
981 1506 1049 1583 sub
1084 1514 1088 1519 '
1144 1492 1153 1555 ¹·

148 1682 178 1720 „
196 1626 386 1726 proxima
411 1622 659 1698 Lustratione
687 1625 810 1698 etiam
841 1619 1050 1717 Generali,
1084 1684 1098 1692 ..

148 1786 178 1836 „-
173 1741 393 1815 dictorum
417 1734 687 1813 universdrum
703 1725 972 1815 Dominorum
991 1738 1051 1812 Si·
1124 1778 1129 1786 ·

149 1898 180 1951 ·‚,
200 1854 402 1944 culorum,
439 1853 670 1929 novissime
692 1878 782 1934 cum
801 1857 843 1929 in
863 1853 970 1928 Sede
991 1853 1052 1929 Si·

150 2023 178 2067 „
201 1969 359 2046 culicali
391 1966 567 2044 Aranias
599 1967 891 2046 Lustrationem
928 1972 1052 2044 conti.

149 2145 178 2182 „
197 2109 432 2177 nuaremus,
487 2083 666 2160 nonnulli
696 2084 857 2183 Fideles
890 2084 1052 2178 Nostri,

151 2244 178 2297 „
197 2203 362 2277 nomine
402 2188 522 2276 totius
554 2200 814 2278 universitatis
856 2202 1053 2280 Domino·

152 2351 180 2414 ·‚,
199 2327 289 2392 rum
339 2315 598 2406 Siculorum,
663 2317 787 2393 modo
847 2318 1052 2420 praemisso

152 2481 180 2529 ·‚,
201 2432 310 2534 apud
330 2458 404 2507 nos
424 2430 664 2523 institissent,
695 2432 867 2533 benigne
887 2434 1052 2508 inclina·

153 2592 180 2643 „
198 2552 252 2641 ti,
292 2537 583 2623 confiderentes
616 2550 739 2623 etiam
768 2563 820 2622 'ac
846 2550 887 2621 in
917 2550 1052 2626 animo

153 2677 336 2760 „nostro
369 2663 629 2763 revolventes
646 2662 806 2767 Regum
837 2660 876 2736 dt
904 2645 1053 2738 Princi·
1087 2664 1090 2670 ’

153 2803 300 2882 „pum
322 2804 418 2881 erga
436 2777 526 2856 suos
548 2780 700 2880 optime
723 2781 889 2855 meritos
909 2777 1053 2855 Subdi-

152 2910 263 2990 „tos
306 2892 600 2996 Benignitatem
646 2894 714 2970 δι.
728 2894 1055 2991 Liberalitatem,

155 3066 183 3105 „
204 3008 464 3103 Subditorum
483 3010 659 3090 vicissim
682 3035 779 3113 erga
796 3011 884 3086 suos
905 3008 1056 3089 Princi·
1109 3055 1111 3058 v

155 3149 274 3229 „pes
294 3125 535 3227 praeclaram
562 3125 685 3201 fidem
706 3124 745 3200 ἃ
762 3116 1053 3229 integritatem,

155 3241 375 3342 „indeque
408 3255 546 3317 natam
573 3240 813 3320 inserviendi
842 3240 882 3318 δι
909 3233 1078 3353 ςἰιιιιΓί-Ι

155 3413 184 3451 ,,
203 3357 763 3450 candiiisdematacritatem,
782 3359 944 3435 vinculo
957 3383 1054 3460 quo·
1078 3403 1082 3416 ι

154 3526 182 3567 ,,
202 3474 299 3550 dam
316 3475 614 3584 propemodum
639 3474 931 3551 indissolubili
918 3488 976 3547 ιιι
996 3497 1056 3549 es·
1133 3523 1136 3530 -

139 3645 168 3683 .,
171 3587 239 3677 ,le
262 3611 509 3682 connexam,
554 3594 689 3692 prouti
705 3592 837 3667 altera
854 3613 907 3664 ex
927 3588 1056 3665 altera

150 3753 180 3829 „
200 3706 403 3828 gignatur,
440 3707 663 3801 foveatur,
708 3718 900 3811 augescat
930 3718 1055 3804 atque
1098 3711 1101 3716 ’

558 3820 596 3899 Ε
622 3848 650 3922 5
884 3876 912 3916 ,‚
933 3844 1025 3901 oon·
