2567 4550
138 542 141 549 '
235 557 285 626 50
304 530 404 604 CAP.
421 528 471 604 ΙΙ.
486 526 772 599 nestorion
785 524 1111 599 umerum

244 706 357 781 culos
374 704 426 779 ad
446 725 517 778 eas
535 697 817 802 efflagitandas
834 720 884 773 ac
899 698 1147 800 amplecten-

244 823 320 897 das
337 820 495 920 impulit
511 840 700 919 unquarn.
757 815 1015 893 His'utinam
1034 838 1148 890 caru·
1187 896 1188 901 ,

130 1002 137 1011 .
241 938 362 1012 issent
372 929 627 1036 originarii&
635 936 819 1036 perpetui
829 930 1022 1024 Nobiles,
1047 954 1147 1033 quos

237 1076 384 1129 revera
404 1072 491 1143 non,
503 1047 663 1152 Reges,
707 1047 785 1125 nori
805 1049 1011 1150 Principes
1033 1036 1147 1148 p'ote·

151 1208 161 1223 v
239 1181 333 1244 rant
349 1168 521 1244 reddere
540 1163 775 1241 nobiliores.
802 1165 927 1242 Patrii
946 1158 1146 1238 nihilomi-

240 1308 317 1363 nus
336 1281 567 1385 Principes,
592 1306 695 1382 quos
711 1281 930 1384 praesertim
946 1280 1145 1355 alteman-

240 1402 294 1479 tis
312 1399 481 1479 fortune
500 1399 612 1476 casus
628 1395 890 1490 territabant,
934 1398 1143 1472 eoimmo·
1183 1447 1185 1450 -

240 1516 343 1593 dicae
367 1517 461 1595 sane
497 1516 750 1598 liberalitatis
774 1513 1078 1616 processerunt,
1106 1522 1144 1583 ut

121 1691 126 1699 .
242 1635 443 1732 ejusmodi
467 1633 630 1715 Literas,
657 1628 931 1704 distribuerent
955 1627 1144 1733 prodiga·

240 1749 347 1826 liter.

286 1994 316 2038 1.
336 1971 417 2056 Quo
444 1970 532 2034 oliru‘
547 1968 654 2033 modo
681 1970 915 2054 promotiones
939 1968 985 2031 ad
1011 1967 1046 2034 ἃ
1072 1988 1144 2052 per.

212 2115 215 2120 -
264 2084 267 2093 '
331 2075 443 2137 dictos
465 2071 612 2133 Ordines
630 2069 774 2147 flebant3
806 2070 989 2158 quibusque
1003 2071 1147 2145 immuni

322 2171 451 2236 tatibus
464 2170 537 2233 veri
553 2169 657 2234 Siculi
671 2175 883 2259 gaudebant,
938 2195 1006 2240 non
1025 2175 1140 2256 obscur?

217 2321 221 2332 ·
318 2297 358 2343 re
372 2276 473 2343 docet
485 2276 690 2350 Mandatum
699 2279 843 2345 Mathia
866 2279 894 2351 I.
902 2282 1005 2369 Regis
1028 2281 1144 2366 quod,

323 2392 362 2445 ut
384 2378 523 2444 inferius
552 2381 705 2447 dicendis
733 2403 870 2468 quoqne
890 2384 1004 2447 lumen
1021 2382 1149 2468 insigne

322 2484 459 2572 spargat
486 2484 679 2551 subnectere
704 2486 827 2570 placet
868 2488 921 2551 En
940 2486 1037 2550 .illud
1067 2505 1149 2551 cum

321 2580 589 2677 orthographia,
621 2583 750 2677 (quim
783 2592 928 2658 retinere
945 2587 1146 2666 ,consultum

323 2696 508 2785 ducimus)
523 2698 744 2786 autographi:
861 2716 870 2720 ·

277 2881 309 2978 ⁴„
322 2868 522 2966 Comniissio
543 2916 600 2983 pp.
618 2894 698 2963 Dni.
715 2895 860 3002 (propria
874 2891 1027 2981 Domiti)
1037 2894 1145 2985 Regis

240 3164 265 3199 „
290 3027 400 3178 Nor
421 3112 574 3179 Mathias
592 3110 660 3178 Dei
688 3112 805 3199 gracia
832 3110 908 3176 Rex
933 3108 1146 3198 lltmgariar,

325 3264 349 3298 „
361 3217 554 3304 Bohemiae,
573 3217 636 3285 &c
654 3214 766 3280 fideli
782 3210 894 3279 nolito
914 3215 1020 3282 Mlico
1040 3214 1146 3302 (Ma.

252 3326 256 3339 ’
321 3316 457 3403 ‚,gni]i‹u
474 3316 622 3399 >illudo
640 3320 776 3405 Magiar
793 3320 837 3384 de
854 3320 952 3384 Mera
970 3365 981 3395 ,
1012 3317 1148 3400 vajvo-

323 3422 403 3502 „de
422 3419 533 3488 nostro
560 3424 701 3489 Tranno
724 3419 998 3513 (staffilum)
1020 3418 1150 3489 &⁸00-

322 3523 432 3606 „miti
452 3521 662 3602 Siculorum,
684 3528 820 3611 ejusque
836 3524 929 3602 vices
937 3522 1147 3608 gerentibus.

237 3644 241 3649 “
321 3626 510 3711 „Salutem
528 3624 560 3690 u
580 3621 754 3695 Gratiam.
775 3622 956 3713 Querulose
972 3625 1072 3696 nobis
1085 3643 1144 3690 ex·

146 3764 158 3789 ·
246 3723 257 3738 ⁴
324 3731 497 3818 „ponitur
524 3750 547 3796 a
564 3745 662 3817 parte
682 3732 853 3799 ¹Fidelium
874 3748 1032 3794 nororum
1060 3733 1142 3809 (no-

299 3840 303 3847 ’
322 3880 349 3917 „
358 3835 480 3940 sitorum
494 3835 513 3916 )
527 3833 720 3910 Siculorum
734 3833 899 3922 Equitum
916 3841 1018 3918 atque
1041 3825 1142 3890 Pedia

271 3957 274 3964 ’
370 3954 381 3973 ‘
938 3956 945 3984 ¹
1017 3946 1131 4020 „illm
