2567 4550
185 530 230 606 86
476 519 782 591 conottanla

185 693 352 791 antiquo
363 689 497 764 locum
512 689 709 766 invenisse
726 684 1099 794 deprehenduntur.

192 812 254 899 1.)
293 807 352 883 Ut·
383 805 531 895 causae,
570 808 613 880 in
653 804 762 882 facto
789 805 1098 898 baereditatum,

184 923 291 1000 ultra
327 921 512 996 valorem
547 923 668 996 trium
704 921 950 999 florenorum
992 924 1099 1000 inter

186 1061 259 1114 eos
291 1035 488 1111 suscitatae
520 1028 713 1128 (servatis
747 1036 1095 1143 appellationibus

183 1152 336 1245 solitis)
366 1155 580 1227 incuriam
599 1152 794 1256 Regiam,
833 1180 907 1256 pro
928 1154 1097 1231 eviden-

155 1262 161 1275 '
181 1269 277 1344 tiori
297 1268 537 1344 discussione
559 1273 777 1346 transmitti
793 1271 1095 1361 consveverint‚

184 1378 287 1455 Decr-
316 1379 403 1477 Trip.
431 1373 526 1452 Part.
551 1403 587 1475 3.
610 1376 685 1462 Tit.
708 1402 744 1469 4.
808 1395 859 1479 2)
888 1388 944 1463 Ut
970 1387 1096 1463 sanci-

184 1517 272 1578 tum
294 1503 435 1593 fuerit,
475 1528 526 1578 ne
552 1504 677 1579 causae
702 1504 930 1580 Siculorum
955 1527 1098 1581 coram

184 1621 270 1695 solo
292 1621 443 1722 judicio
469 1616 663 1723 Militari,
704 1620 773 1694 sed
800 1618 1029 1720 Capitaneo
1054 1616 1095 1694 fi·

184 1736 271 1829 mul
290 1754 347 1810 ac‘
360 1729 506 1841 Judice
527 1735 659 1839 Regio
679 1749 957 1811 tractarentur.
998 1734 1096 1810 Vid.

186 1842 274 1928 Art.
316 1846 420 1922 Diaet.
441 1869 496 1922 un.
531 1850 640 1935 ¹⁶07·
673 1855 710 1928 8.
727 1843 833 1924 Febr.
860 1876 901 1951 3.
940 1851 996 1926 Ut
1027 1851 1097 1926 de·

186 1999 320 2066 mum,
368 1969 443 2046 sub‘
484 1970 737 2072 Principibus
783 1964 1097 2047 Transfilvaniae'

185 2114 252 2165 res
274 2087 501 2162 Siculorum
519 2087 597 2161 five
617 2074 795 2178 bellicae,
843 2080 923 2158 five
954 2083 1096 2159 civsses

185 2203 340 2280 nullam
359 2200 427 2279 vel
444 2203 654 2278 minimam
675 2204 941 2277 mutationem
959 2201 1097 2303 priva·

186 2323 281 2411 tim,
311 2319 440 2394 sedin
461 2318 645 2395 Comitiis
664 2316 861 2421 publicis,
903 2314 1099 2402 subirent:

187 2439 246 2514 uti
279 2436 357 2513 hoc
382 2459 458 2537 per
484 2439 623 2512 omnia
649 2435 800 2540 passim
827 2432 1094 2509 Comitiorum

186 2555 367 2632 Decreta
387 2552 528 2629 elucet.

312 2739 350 2825 C
384 2736 429 2826 O
459 2736 501 2823 R
532 2734 576 2823 Ο
607 2736 645 2823 L
675 2736 710 2823 L
744 2740 781 2822 A
813 2726 847 2814 R
880 2729 991 2821 1A.

283 2980 408 3058 Natio
430 2978 625 3084 Siculica,
651 2981 692 3053 in
711 2977 843 3051 Terra
862 2973 952 3065 sua,
972 2981 1107 3075 quam

184 3091 272 3197 jure
291 3096 411 3190 belli,
458 3096 653 3188 obtinuit,
691 3089 931 3202 Regibus&
950 3088 1097 3192 Regno

187 3211 403 3313 Hungariae
436 3212 488 3288 est
515 3214 735 3316 antiquior:
767 3233 863 3311 ergo
895 3203 1098 3281 Nobilita-

187 3345 271 3405 tem
291 3327 422 3421 suam,
468 3323 648 3436 Juraque
668 3324 907 3400 Nationalia
924 3335 1004 3395 non
1024 3323 1107 3398 ali-'-

190 3449 318 3537 unde,
369 3468 492 3546 quam
511 3468 537 3517 a
552 3444 731 3544 propriis
750 3437 959 3516 virtutibus
982 3436 1098 3515 belii-

191 3566 248 3639 cis
270 3562 524 3666 comparavit
541 3553 578 3643 ὃ.
598 3558 629 3633 Ι.
642 3558 742 3633 ·VI.
762 3553 899 3631 XXII.

284 3785 470 3872 Fundato
488 3796 532 3870 in
558 3671 767 3895 HuInIgiaria
785 3786 825 3863 ἃ
842 3786 1100 3864 Transibo-¹

191 3915 261 3993 tria
289 3911 552 4019 Popularium
576 3908 722 4015 Regno
745 3930 828 3986 uon
865 3917 978 3998 acte,
1022 3901 1095 3982 sed
