<?xml version="1.0" encoding="UTF-8"?>
<!DOCTYPE html PUBLIC "-//W3C//DTD XHTML 1.0 Transitional//EN"
    "http://www.w3.org/TR/xhtml1/DTD/xhtml1-transitional.dtd">
<html xmlns="http://www.w3.org/1999/xhtml" xml:lang="en" lang="en">
 <head>
  <title>
</title>
<meta http-equiv="Content-Type" content="text/html;charset=utf-8" />
  <meta name='ocr-system' content='tesseract 3.04.00' />
  <meta name='ocr-capabilities' content='ocr_page ocr_carea ocr_par ocr_line ocrx_word'/>
</head>
<body>
  <div class='ocr_page' id='page_1' title='image "./imagoinclytaein00benkgoog_0070.png"; bbox 0 0 2567 4550; ppageno 0'>
   <div class='ocr_carea' id='block_1_1' title="bbox 177 505 1058 585">
    <p class='ocr_par' dir='ltr' id='par_1_1' title="bbox 177 505 1058 585">
     <span class='ocr_line' id='line_1_1' title="bbox 177 505 1058 585; baseline -0.003 0"><span class='ocrx_word' id='word_1_1' title='bbox 177 516 220 585; x_wconf 69' lang='lat'>62</span> <span class='ocrx_word' id='word_1_2' title='bbox 237 509 340 585; x_wconf 79' lang='lat' dir='ltr'>CAP</span> <span class='ocrx_word' id='word_1_3' title='bbox 354 505 422 584; x_wconf 87' lang='grc' dir='ltr'>ΙΙΙ</span> <span class='ocrx_word' id='word_1_4' title='bbox 442 507 515 574; x_wconf 83' lang='lat' dir='ltr'>DE</span> <span class='ocrx_word' id='word_1_5' title='bbox 518 507 683 581; x_wconf 74' lang='lat' dir='ltr'>Mvnns</span> <span class='ocrx_word' id='word_1_6' title='bbox 704 509 736 577; x_wconf 72' lang='lat' dir='ltr'>a</span> <span class='ocrx_word' id='word_1_7' title='bbox 755 508 1058 585; x_wconf 84' lang='lat' dir='ltr'><strong>OBLIGATION.</strong></span> 
     </span>
    </p>
   </div>
   <div class='ocr_carea' id='block_1_2' title="bbox 178 654 1107 2954">
    <p class='ocr_par' dir='ltr' id='par_1_2' title="bbox 178 654 1107 2948">
     <span class='ocr_line' id='line_1_2' title="bbox 260 654 1077 793; baseline 0.005 -56"><span class='ocrx_word' id='word_1_8' title='bbox 260 680 288 793; x_wconf 81' lang='grc' dir='ltr'>ς.</span> <span class='ocrx_word' id='word_1_9' title='bbox 311 674 404 748; x_wconf 87' lang='lat' dir='ltr'>XIII</span> <span class='ocrx_word' id='word_1_10' title='bbox 422 680 485 736; x_wconf 80' lang='lat' dir='ltr'>aot</span> <span class='ocrx_word' id='word_1_11' title='bbox 510 690 536 733; x_wconf 90' lang='lat'>1</span> <span class='ocrx_word' id='word_1_12' title='bbox 559 670 691 734; x_wconf 86' lang='lat' dir='ltr'>recitati</span> <span class='ocrx_word' id='word_1_13' title='bbox 717 670 845 739; x_wconf 86' lang='lat' dir='ltr'>verbis.</span> <span class='ocrx_word' id='word_1_14' title='bbox 875 654 1077 761; x_wconf 75' lang='lat' dir='ltr'>Gurpugroruu</span> 
     </span>
     <span class='ocr_line' id='line_1_3' title="bbox 260 758 1077 856; baseline 0.002 -17"><span class='ocrx_word' id='word_1_15' title='bbox 260 758 302 845; x_wconf 69' lang='lat' dir='ltr'>sa·</span> <span class='ocrx_word' id='word_1_16' title='bbox 324 788 469 844; x_wconf 75' lang='lat' dir='ltr'>Natorum</span> <span class='ocrx_word' id='word_1_17' title='bbox 493 768 613 845; x_wconf 74' lang='lat' dir='ltr'>hilario.</span> <span class='ocrx_word' id='word_1_18' title='bbox 640 771 706 836; x_wconf 89' lang='lat' dir='ltr'>Sed</span> <span class='ocrx_word' id='word_1_19' title='bbox 731 771 923 856; x_wconf 90' lang='lat' dir='ltr'>hujusmodi</span> <span class='ocrx_word' id='word_1_20' title='bbox 949 775 1077 843; x_wconf 82' lang='lat' dir='ltr'>Oblata</span> 
     </span>
     <span class='ocr_line' id='line_1_4' title="bbox 261 875 1076 966; baseline 0.006 -23"><span class='ocrx_word' id='word_1_21' title='bbox 261 879 409 966; x_wconf 78' lang='lat' dir='ltr'>Regibus</span> <span class='ocrx_word' id='word_1_22' title='bbox 428 875 592 939; x_wconf 84' lang='lat' dir='ltr'>rarissime</span> <span class='ocrx_word' id='word_1_23' title='bbox 610 876 716 956; x_wconf 81' lang='lat' dir='ltr'>alias,</span> <span class='ocrx_word' id='word_1_24' title='bbox 746 890 900 963; x_wconf 81' lang='lat' dir='ltr'>tempore</span> <span class='ocrx_word' id='word_1_25' title='bbox 917 901 1002 947; x_wconf 82' lang='lat' dir='ltr'>vero</span> <span class='ocrx_word' id='word_1_26' title='bbox 1027 904 1076 949; x_wconf 90' lang='lat' dir='ltr'>ar·</span> 
     </span>
     <span class='ocr_line' id='line_1_5' title="bbox 259 976 1077 1069; baseline 0.001 -24"><span class='ocrx_word' id='word_1_27' title='bbox 259 980 409 1069; x_wconf 87' lang='lat' dir='ltr'>dentium</span> <span class='ocrx_word' id='word_1_28' title='bbox 428 976 626 1041; x_wconf 87' lang='lat' dir='ltr'>&amp;recenter</span> <span class='ocrx_word' id='word_1_29' title='bbox 645 977 880 1044; x_wconf 83' lang='lat' dir='ltr'>exstinctorum</span> <span class='ocrx_word' id='word_1_30' title='bbox 898 981 1077 1063; x_wconf 85' lang='lat' dir='ltr'>bellorum,</span> 
     </span>
     <span class='ocr_line' id='line_1_6' title="bbox 197 1061 1077 1170; baseline 0.003 -21"><span class='ocrx_word' id='word_1_31' title='bbox 197 1115 203 1129; x_wconf 94' lang='lat'><em>·</em></span> <span class='ocrx_word' id='word_1_32' title='bbox 258 1061 496 1169; x_wconf 85' lang='lat' dir='ltr'>Principibus</span> <span class='ocrx_word' id='word_1_33' title='bbox 486 1094 568 1144; x_wconf 82' lang='lat' dir='ltr'>item</span> <span class='ocrx_word' id='word_1_34' title='bbox 587 1083 720 1166; x_wconf 81' lang='lat' dir='ltr'>patriis</span> <span class='ocrx_word' id='word_1_35' title='bbox 714 1105 894 1170; x_wconf 88' lang='lat' dir='ltr'>nunquam</span> <span class='ocrx_word' id='word_1_36' title='bbox 906 1085 1005 1154; x_wconf 84' lang='lat' dir='ltr'>facta</span> <span class='ocrx_word' id='word_1_37' title='bbox 1025 1091 1077 1153; x_wconf 89' lang='lat' dir='ltr'>de</span> 
     </span>
     <span class='ocr_line' id='line_1_7' title="bbox 187 1188 1078 1281; baseline 0.003 -26"><span class='ocrx_word' id='word_1_38' title='bbox 187 1260 190 1265; x_wconf 68' lang='grc'><strong>,</strong></span> <span class='ocrx_word' id='word_1_39' title='bbox 259 1188 519 1281; x_wconf 81' lang='lat' dir='ltr'>prehenduntur.</span> <span class='ocrx_word' id='word_1_40' title='bbox 552 1189 631 1252; x_wconf 90' lang='lat' dir='ltr'>Non</span> <span class='ocrx_word' id='word_1_41' title='bbox 650 1188 785 1271; x_wconf 70' lang='lat' dir='ltr'>tributa,</span> <span class='ocrx_word' id='word_1_42' title='bbox 804 1211 874 1255; x_wconf 93' lang='lat' dir='ltr'>non</span> <span class='ocrx_word' id='word_1_43' title='bbox 889 1202 1007 1275; x_wconf 74' lang='lat' dir='ltr'>toxos,</span> <span class='ocrx_word' id='word_1_44' title='bbox 1026 1195 1078 1258; x_wconf 89' lang='lat' dir='ltr'>sed</span> 
     </span>
     <span class='ocr_line' id='line_1_8' title="bbox 178 1289 1079 1389; baseline -0.002 -27"><span class='ocrx_word' id='word_1_45' title='bbox 178 1303 180 1308; x_wconf 84' lang='lat'>&#39;</span> <span class='ocrx_word' id='word_1_46' title='bbox 260 1297 369 1389; x_wconf 76' lang='lat' dir='ltr'>oblotp</span> <span class='ocrx_word' id='word_1_47' title='bbox 392 1289 548 1377; x_wconf 83' lang='lat' dir='ltr'>profecto</span> <span class='ocrx_word' id='word_1_48' title='bbox 577 1292 839 1376; x_wconf 83' lang='lat' dir='ltr'>pronunciamus</span> <span class='ocrx_word' id='word_1_49' title='bbox 858 1314 900 1359; x_wconf 79' lang='lat' dir='ltr'>eu</span> <span class='ocrx_word' id='word_1_50' title='bbox 918 1294 991 1379; x_wconf 87' lang='lat' dir='ltr'>ipsa</span> <span class='ocrx_word' id='word_1_51' title='bbox 1008 1295 1079 1384; x_wconf 86' lang='lat' dir='ltr'>lege</span> 
     </span>
     <span class='ocr_line' id='line_1_9' title="bbox 263 1395 1080 1485; baseline -0.005 -20"><span class='ocrx_word' id='word_1_52' title='bbox 263 1414 367 1485; x_wconf 82' lang='lat' dir='ltr'>atque</span> <span class='ocrx_word' id='word_1_53' title='bbox 395 1395 513 1461; x_wconf 86' lang='lat' dir='ltr'>Gentis</span> <span class='ocrx_word' id='word_1_54' title='bbox 551 1396 801 1463; x_wconf 87' lang='lat' dir='ltr'>consuetudine:</span> <span class='ocrx_word' id='word_1_55' title='bbox 842 1420 945 1485; x_wconf 89' lang='lat' dir='ltr'>quum</span> <span class='ocrx_word' id='word_1_56' title='bbox 979 1396 1080 1473; x_wconf 84' lang='lat' dir='ltr'>Siculi</span> 
     </span>
     <span class='ocr_line' id='line_1_10' title="bbox 232 1488 1081 1596; baseline -0.005 -20"><span class='ocrx_word' id='word_1_57' title='bbox 232 1495 236 1523; x_wconf 51' lang='lat'><em>²</em></span> <span class='ocrx_word' id='word_1_58' title='bbox 257 1531 327 1576; x_wconf 91' lang='lat' dir='ltr'>non</span> <span class='ocrx_word' id='word_1_59' title='bbox 341 1488 459 1584; x_wconf 65' lang='lat' dir='ltr'>inviti,</span> <span class='ocrx_word' id='word_1_60' title='bbox 479 1505 685 1582; x_wconf 65' lang='lat' dir='ltr'>nonnosus,</span> <span class='ocrx_word' id='word_1_61' title='bbox 705 1507 759 1570; x_wconf 92' lang='lat' dir='ltr'>sed</span> <span class='ocrx_word' id='word_1_62' title='bbox 768 1508 906 1592; x_wconf 88' lang='lat' dir='ltr'>propria</span> <span class='ocrx_word' id='word_1_63' title='bbox 916 1508 973 1572; x_wconf 88' lang='lat' dir='ltr'>sua</span> <span class='ocrx_word' id='word_1_64' title='bbox 988 1509 1081 1596; x_wconf 90' lang='lat' dir='ltr'>spon·</span> 
     </span>
     <span class='ocr_line' id='line_1_11' title="bbox 258 1606 1101 1694; baseline -0.002 -15"><span class='ocrx_word' id='word_1_65' title='bbox 258 1627 293 1679; x_wconf 88' lang='lat' dir='ltr'>te</span> <span class='ocrx_word' id='word_1_66' title='bbox 311 1614 418 1676; x_wconf 87' lang='lat' dir='ltr'>boves</span> <span class='ocrx_word' id='word_1_67' title='bbox 439 1609 603 1694; x_wconf 89' lang='lat' dir='ltr'>ejusmodi</span> <span class='ocrx_word' id='word_1_68' title='bbox 620 1610 850 1672; x_wconf 78' lang='lat' dir='ltr'>occasionibus</span> <span class='ocrx_word' id='word_1_69' title='bbox 868 1612 962 1673; x_wconf 90' lang='lat' dir='ltr'>dono</span> <span class='ocrx_word' id='word_1_70' title='bbox 983 1606 1079 1677; x_wconf 84' lang='lat' dir='ltr'>dede·</span> <span class='ocrx_word' id='word_1_71' title='bbox 1099 1622 1101 1625; x_wconf 79' lang='grc'>’</span> 
     </span>
     <span class='ocr_line' id='line_1_12' title="bbox 260 1706 1083 1800; baseline -0.004 -18"><span class='ocrx_word' id='word_1_72' title='bbox 260 1720 350 1797; x_wconf 90' lang='lat' dir='ltr'>rint,</span> <span class='ocrx_word' id='word_1_73' title='bbox 377 1706 475 1800; x_wconf 82' lang='lat' dir='ltr'>juxta</span> <span class='ocrx_word' id='word_1_74' title='bbox 503 1714 643 1778; x_wconf 84' lang='lat' dir='ltr'>citatum</span> <span class='ocrx_word' id='word_1_75' title='bbox 669 1714 844 1796; x_wconf 85' lang='lat' dir='ltr'>proxime,</span> <span class='ocrx_word' id='word_1_76' title='bbox 875 1715 1083 1799; x_wconf 68' lang='lat' dir='ltr'>perplurima</span> 
     </span>
     <span class='ocr_line' id='line_1_13' title="bbox 260 1818 1082 1904; baseline 0.001 -19"><span class='ocrx_word' id='word_1_77' title='bbox 260 1821 350 1885; x_wconf 90' lang='lat' dir='ltr'>inter</span> <span class='ocrx_word' id='word_1_78' title='bbox 369 1820 595 1895; x_wconf 85' lang='lat' dir='ltr'>documenta,</span> <span class='ocrx_word' id='word_1_79' title='bbox 624 1818 838 1896; x_wconf 83' lang='lat' dir='ltr'>Mandatum</span> <span class='ocrx_word' id='word_1_80' title='bbox 857 1818 1082 1904; x_wconf 70' lang='lat' dir='ltr'>Mathia&#39;num,</span> 
     </span>
     <span class='ocr_line' id='line_1_14' title="bbox 261 1915 1085 2003; baseline -0.001 -12"><span class='ocrx_word' id='word_1_81' title='bbox 261 1925 340 1993; x_wconf 86' lang='lat' dir='ltr'>Huc</span> <span class='ocrx_word' id='word_1_82' title='bbox 370 1922 549 2002; x_wconf 36' lang='lat' dir='ltr'>collimant,</span> <span class='ocrx_word' id='word_1_83' title='bbox 563 1915 677 1985; x_wconf 74' lang='lat' dir='ltr'>vdubio</span> <span class='ocrx_word' id='word_1_84' title='bbox 700 1916 820 2003; x_wconf 90' lang='lat' dir='ltr'>procul</span> <span class='ocrx_word' id='word_1_85' title='bbox 842 1921 945 1987; x_wconf 86' lang='lat' dir='ltr'>verba</span> <span class='ocrx_word' id='word_1_86' title='bbox 961 1923 1085 1995; x_wconf 73' lang='lat' dir='ltr'>Nimius,</span> 
     </span>
     <span class='ocr_line' id='line_1_15' title="bbox 262 2023 1088 2121; baseline -0.002 -31"><span class='ocrx_word' id='word_1_87' title='bbox 262 2026 372 2106; x_wconf 75' lang='lat' dir='ltr'>osuii,</span> <span class='ocrx_word' id='word_1_88' title='bbox 411 2024 641 2104; x_wconf 86' lang='lat' dir='ltr'>Metropolitae</span> <span class='ocrx_word' id='word_1_89' title='bbox 682 2023 934 2107; x_wconf 75' lang='lat' dir='ltr'>strigoniensis,</span> <span class='ocrx_word' id='word_1_90' title='bbox 967 2030 1026 2113; x_wconf 89' lang='lat' dir='ltr'>qui</span> <span class='ocrx_word' id='word_1_91' title='bbox 1049 2031 1088 2121; x_wconf 68' lang='lat' dir='ltr'>in</span> 
     </span>
     <span class='ocr_line' id='line_1_16' title="bbox 263 2128 1088 2215; baseline 0.003 -18.775"><span class='ocrx_word' id='word_1_92' title='bbox 263 2134 322 2196; x_wconf 88' lang='lat' dir='ltr'>suo</span> <span class='ocrx_word' id='word_1_93' title='bbox 347 2131 472 2206; x_wconf 76' lang='lat' dir='ltr'>Attila,</span> <span class='ocrx_word' id='word_1_94' title='bbox 515 2129 599 2211; x_wconf 90' lang='lat' dir='ltr'>Cap.</span> <span class='ocrx_word' id='word_1_95' title='bbox 619 2141 668 2203; x_wconf 83' lang='lat'>18.</span> <span class='ocrx_word' id='word_1_96' title='bbox 686 2128 760 2193; x_wconf 87' lang='lat' dir='ltr'>haec</span> <span class='ocrx_word' id='word_1_97' title='bbox 775 2129 942 2213; x_wconf 85' lang='lat' dir='ltr'>loquitur:</span> <span class='ocrx_word' id='word_1_98' title='bbox 985 2137 1088 2215; x_wconf 82' lang='lat' dir='ltr'>„Tri-¹</span> 
     </span>
     <span class='ocr_line' id='line_1_17' title="bbox 264 2236 1085 2333; baseline 0.018 -35"><span class='ocrx_word' id='word_1_99' title='bbox 264 2284 289 2316; x_wconf 83' lang='lat'>,‚</span> <span class='ocrx_word' id='word_1_100' title='bbox 301 2236 419 2300; x_wconf 87' lang='lat' dir='ltr'>butu-m</span> <span class='ocrx_word' id='word_1_101' title='bbox 436 2237 579 2318; x_wconf 89' lang='lat' dir='ltr'>nemini,</span> <span class='ocrx_word' id='word_1_102' title='bbox 613 2258 674 2303; x_wconf 91' lang='lat' dir='ltr'>nec</span> <span class='ocrx_word' id='word_1_103' title='bbox 692 2239 796 2328; x_wconf 83' lang='lat' dir='ltr'>Regi,</span> <span class='ocrx_word' id='word_1_104' title='bbox 829 2262 891 2307; x_wconf 88' lang='lat' dir='ltr'>nec</span> <span class='ocrx_word' id='word_1_105' title='bbox 914 2244 991 2312; x_wconf 87' lang='lat' dir='ltr'>aliis</span> <span class='ocrx_word' id='word_1_106' title='bbox 1008 2266 1085 2333; x_wconf 55' lang='lat' dir='ltr'>pens,</span> 
     </span>
     <span class='ocr_line' id='line_1_18' title="bbox 209 2327 1107 2438; baseline 0.007 -32"><span class='ocrx_word' id='word_1_107' title='bbox 209 2425 211 2430; x_wconf 23' lang='grc' dir='ltr'>Ι</span> <span class='ocrx_word' id='word_1_108' title='bbox 261 2344 402 2423; x_wconf 80' lang='lat' dir='ltr'>„dunt,</span> <span class='ocrx_word' id='word_1_109' title='bbox 423 2350 779 2430; x_wconf 81' lang='lat' dir='ltr'>praeterquamquod,</span> <span class='ocrx_word' id='word_1_110' title='bbox 813 2368 917 2438; x_wconf 90' lang='lat' dir='ltr'>quum</span> <span class='ocrx_word' id='word_1_111' title='bbox 937 2350 1011 2414; x_wconf 82' lang='lat' dir='ltr'>Rex</span> <span class='ocrx_word' id='word_1_112' title='bbox 1028 2327 1107 2415; x_wconf 55' lang='lat' dir='ltr'>&#39;co-J</span> 
     </span>
     <span class='ocr_line' id='line_1_19' title="bbox 263 2450 1090 2538; baseline 0.008 -26"><span class='ocrx_word' id='word_1_113' title='bbox 263 2459 441 2532; x_wconf 84' lang='lat' dir='ltr'>„ronatur</span> <span class='ocrx_word' id='word_1_114' title='bbox 472 2450 675 2538; x_wconf 84' lang='lat' dir='ltr'>Hungariae,</span> <span class='ocrx_word' id='word_1_115' title='bbox 713 2463 773 2514; x_wconf 90' lang='lat' dir='ltr'>aut</span> <span class='ocrx_word' id='word_1_116' title='bbox 799 2473 940 2520; x_wconf 86' lang='lat' dir='ltr'>uxorem</span> <span class='ocrx_word' id='word_1_117' title='bbox 970 2456 1090 2537; x_wconf 77' lang='lat' dir='ltr'>ducit,</span> 
     </span>
     <span class='ocr_line' id='line_1_20' title="bbox 197 2544 1091 2640; baseline 0 -22"><span class='ocrx_word' id='word_1_118' title='bbox 197 2572 201 2579; x_wconf 89' lang='lat'>·</span> <span class='ocrx_word' id='word_1_119' title='bbox 264 2604 293 2637; x_wconf 90' lang='lat'><strong>„</strong></span> <span class='ocrx_word' id='word_1_120' title='bbox 302 2564 364 2618; x_wconf 86' lang='lat' dir='ltr'>aut</span> <span class='ocrx_word' id='word_1_121' title='bbox 381 2552 525 2617; x_wconf 85' lang='lat' dir='ltr'>nascitur</span> <span class='ocrx_word' id='word_1_122' title='bbox 542 2554 574 2617; x_wconf 88' lang='lat' dir='ltr'>ei</span> <span class='ocrx_word' id='word_1_123' title='bbox 594 2544 703 2631; x_wconf 86' lang='lat' dir='ltr'>filius,</span> <span class='ocrx_word' id='word_1_124' title='bbox 720 2554 847 2618; x_wconf 87' lang='lat' dir='ltr'>viritim</span> <span class='ocrx_word' id='word_1_125' title='bbox 867 2554 920 2640; x_wconf 70' lang='lat' dir='ltr'>[st</span> <span class='ocrx_word' id='word_1_126' title='bbox 928 2554 980 2625; x_wconf 78' lang='lat' dir='ltr'>sex</span> <span class='ocrx_word' id='word_1_127' title='bbox 999 2555 1091 2619; x_wconf 55' lang='lat' dir='ltr'>habe⁴</span> 
     </span>
     <span class='ocr_line' id='line_1_21' title="bbox 265 2651 1089 2749; baseline 0.001 -23"><span class='ocrx_word' id='word_1_128' title='bbox 265 2658 384 2744; x_wconf 75' lang='lat' dir='ltr'>„ant]</span> <span class='ocrx_word' id='word_1_129' title='bbox 420 2657 562 2745; x_wconf 86' lang='lat' dir='ltr'>singulos</span> <span class='ocrx_word' id='word_1_130' title='bbox 591 2666 648 2740; x_wconf 89' lang='lat' dir='ltr'>(n.</span> <span class='ocrx_word' id='word_1_131' title='bbox 669 2659 726 2739; x_wconf 88' lang='lat' dir='ltr'>b.)</span> <span class='ocrx_word' id='word_1_132' title='bbox 749 2651 902 2745; x_wconf 72' lang='lat' dir='ltr'>corp‘eruur&#39;</span> <span class='ocrx_word' id='word_1_133' title='bbox 923 2662 1007 2749; x_wconf 84' lang='lat' dir='ltr'>Regi</span> <span class='ocrx_word' id='word_1_134' title='bbox 1025 2662 1089 2728; x_wconf 90' lang='lat' dir='ltr'>bo-</span> 
     </span>
     <span class='ocr_line' id='line_1_22' title="bbox 263 2762 1089 2851; baseline 0.006 -25"><span class='ocrx_word' id='word_1_135' title='bbox 263 2783 369 2845; x_wconf 80' lang='lat' dir='ltr'>„ves</span> <span class='ocrx_word' id='word_1_136' title='bbox 411 2764 537 2825; x_wconf 87' lang='lat' dir='ltr'>Verum</span> <span class='ocrx_word' id='word_1_137' title='bbox 565 2762 602 2823; x_wconf 92' lang='lat' dir='ltr'>id</span> <span class='ocrx_word' id='word_1_138' title='bbox 628 2782 764 2845; x_wconf 93' lang='lat' dir='ltr'>quoque</span> <span class='ocrx_word' id='word_1_139' title='bbox 793 2783 860 2826; x_wconf 92' lang='lat' dir='ltr'>non</span> <span class='ocrx_word' id='word_1_140' title='bbox 879 2764 943 2830; x_wconf 86' lang='lat' dir='ltr'>sine</span> <span class='ocrx_word' id='word_1_141' title='bbox 961 2785 1089 2851; x_wconf 78' lang='lat' dir='ltr'>magna</span> 
     </span>
     <span class='ocr_line' id='line_1_23' title="bbox 191 2860 1089 2954; baseline 0.017 -34"><span class='ocrx_word' id='word_1_142' title='bbox 191 2912 195 2920; x_wconf 88' lang='lat'>.</span> <span class='ocrx_word' id='word_1_143' title='bbox 223 2930 229 2940; x_wconf 54' lang='grc'><em>,</em></span> <span class='ocrx_word' id='word_1_144' title='bbox 263 2861 500 2954; x_wconf 79' lang='lat' dir='ltr'>„difficultate</span> <span class='ocrx_word' id='word_1_145' title='bbox 528 2860 725 2948; x_wconf 87' lang='lat' dir='ltr'>plerumque</span> <span class='ocrx_word' id='word_1_146' title='bbox 751 2860 891 2936; x_wconf 73' lang='lat' dir='ltr'>faciunt.</span> <span class='ocrx_word' id='word_1_147' title='bbox 934 2865 1000 2930; x_wconf 89' lang='lat' dir='ltr'>Sed</span> <span class='ocrx_word' id='word_1_148' title='bbox 1021 2869 1089 2938; x_wconf 70' lang='lat' dir='ltr'>Au</span> 
     </span>
    </p>
   </div>
   <div class='ocr_carea' id='block_1_3' title="bbox 186 2965 1096 3144">
    <p class='ocr_par' dir='ltr' id='par_1_3' title="bbox 186 2965 1096 3144">
     <span class='ocr_line' id='line_1_24' title="bbox 186 2965 1088 3114; baseline 0.023 -103"><span class='ocrx_word' id='word_1_149' title='bbox 186 3003 191 3011; x_wconf 90' lang='lat'>.</span> <span class='ocrx_word' id='word_1_150' title='bbox 261 2965 575 3054; x_wconf 76' lang='lat' dir='ltr'>„romusBoafinius,</span> <span class='ocrx_word' id='word_1_151' title='bbox 579 2967 654 3114; x_wconf 82' lang='lat' dir='ltr'>squi</span> <span class='ocrx_word' id='word_1_152' title='bbox 671 2966 704 3031; x_wconf 91' lang='lat' dir='ltr'>in</span> <span class='ocrx_word' id='word_1_153' title='bbox 719 2966 858 3064; x_wconf 85' lang='lat' dir='ltr'>publica</span> <span class='ocrx_word' id='word_1_154' title='bbox 871 2968 976 3064; x_wconf 81' lang='lat' dir='ltr'>Regni</span> <span class='ocrx_word' id='word_1_155' title='bbox 991 2968 1088 3046; x_wconf 85' lang='lat' dir='ltr'>Hun,</span> 
     </span>
     <span class='ocr_line' id='line_1_25' title="bbox 257 3021 1096 3144; baseline 0.029 -86"><span class='ocrx_word' id='word_1_156' title='bbox 257 3021 287 3138; x_wconf 64' lang='lat' dir='ltr'>g:</span> <span class='ocrx_word' id='word_1_157' title='bbox 298 3055 402 3143; x_wconf 53' lang='lat' dir='ltr'>gapici</span> <span class='ocrx_word' id='word_1_158' title='bbox 427 3052 501 3126; x_wconf 86' lang='lat' dir='ltr'>luce</span> <span class='ocrx_word' id='word_1_159' title='bbox 519 3070 577 3115; x_wconf 87' lang='lat' dir='ltr'>ver</span> <span class='ocrx_word' id='word_1_160' title='bbox 579 3052 687 3131; x_wconf 85' lang='lat' dir='ltr'>atus</span> <span class='ocrx_word' id='word_1_161' title='bbox 715 3054 748 3114; x_wconf 90' lang='lat' dir='ltr'>in</span> <span class='ocrx_word' id='word_1_162' title='bbox 768 3052 848 3116; x_wconf 87' lang='lat' dir='ltr'>auia</span> <span class='ocrx_word' id='word_1_163' title='bbox 863 3051 953 3118; x_wconf 88' lang='lat' dir='ltr'>enim</span> <span class='ocrx_word' id='word_1_164' title='bbox 981 3055 1096 3144; x_wconf 56' lang='lat' dir='ltr'>Regu,</span> 
     </span>
    </p>
   </div>
   <div class='ocr_carea' id='block_1_4' title="bbox 211 3146 1123 3872">
    <p class='ocr_par' dir='ltr' id='par_1_4' title="bbox 211 3146 1123 3872">
     <span class='ocr_line' id='line_1_26' title="bbox 215 3146 1123 3251; baseline -0.002 -24"><span class='ocrx_word' id='word_1_165' title='bbox 215 3247 218 3251; x_wconf 14' lang='grc' dir='ltr'><strong><em>Δ</em></strong></span> <span class='ocrx_word' id='word_1_166' title='bbox 263 3161 446 3243; x_wconf 75' lang='lat' dir='ltr'>„Matinae</span> <span class='ocrx_word' id='word_1_167' title='bbox 464 3146 618 3246; x_wconf 85' lang='lat' dir='ltr'>proxime</span> <span class='ocrx_word' id='word_1_168' title='bbox 651 3158 783 3223; x_wconf 84' lang='lat' dir='ltr'>laudati</span> <span class='ocrx_word' id='word_1_169' title='bbox 804 3159 992 3225; x_wconf 82' lang='lat' dir='ltr'>vvebat&amp;</span> <span class='ocrx_word' id='word_1_170' title='bbox 1013 3159 1086 3225; x_wconf 88' lang='lat' dir='ltr'>scri-</span> <span class='ocrx_word' id='word_1_171' title='bbox 1118 3179 1123 3210; x_wconf 80' lang='lat'>¹</span> 
     </span>
     <span class='ocr_line' id='line_1_27' title="bbox 242 3263 1091 3362; baseline 0.002 -32"><span class='ocrx_word' id='word_1_172' title='bbox 242 3314 276 3362; x_wconf 23' lang='lat'>¹„</span> <span class='ocrx_word' id='word_1_173' title='bbox 265 3265 425 3347; x_wconf 82' lang='lat' dir='ltr'>„,bebat</span> <span class='ocrx_word' id='word_1_174' title='bbox 447 3266 546 3353; x_wconf 89' lang='lat' dir='ltr'>longe</span> <span class='ocrx_word' id='word_1_175' title='bbox 564 3265 676 3330; x_wconf 89' lang='lat' dir='ltr'>adhuc</span> <span class='ocrx_word' id='word_1_176' title='bbox 697 3263 894 3329; x_wconf 83' lang='lat' dir='ltr'>luculentius</span> <span class='ocrx_word' id='word_1_177' title='bbox 912 3265 1091 3353; x_wconf 66' lang='lat' dir='ltr'>perhibere</span> 
     </span>
     <span class='ocr_line' id='line_1_28' title="bbox 211 3360 1087 3456; baseline 0.003 -23"><span class='ocrx_word' id='word_1_178' title='bbox 211 3363 214 3370; x_wconf 46' lang='lat'><strong>¹</strong></span> <span class='ocrx_word' id='word_1_179' title='bbox 265 3381 438 3456; x_wconf 82' lang='lat' dir='ltr'>„poterat</span> <span class='ocrx_word' id='word_1_180' title='bbox 464 3360 710 3447; x_wconf 83' lang='lat' dir='ltr'>testimonium,</span> <span class='ocrx_word' id='word_1_181' title='bbox 735 3369 850 3433; x_wconf 84' lang='lat' dir='ltr'>verbis</span> <span class='ocrx_word' id='word_1_182' title='bbox 876 3366 1087 3451; x_wconf 79' lang='lat' dir='ltr'>sequentibus</span> 
     </span>
     <span class='ocr_line' id='line_1_29' title="bbox 265 3470 1090 3556; baseline 0 -19"><span class='ocrx_word' id='word_1_183' title='bbox 265 3474 345 3556; x_wconf 89' lang='lat' dir='ltr'>„de</span> <span class='ocrx_word' id='word_1_184' title='bbox 379 3471 568 3535; x_wconf 88' lang='lat' dir='ltr'>Siculorum</span> <span class='ocrx_word' id='word_1_185' title='bbox 596 3470 880 3547; x_wconf 81' lang='lat' dir='ltr'>immunitatibus,</span> <span class='ocrx_word' id='word_1_186' title='bbox 907 3490 949 3535; x_wconf 84' lang='lat' dir='ltr'>ac</span> <span class='ocrx_word' id='word_1_187' title='bbox 976 3472 1090 3537; x_wconf 75' lang='lat' dir='ltr'>bobus</span> 
     </span>
     <span class='ocr_line' id='line_1_30' title="bbox 264 3574 1088 3661; baseline -0.005 -16"><span class='ocrx_word' id='word_1_188' title='bbox 264 3626 288 3660; x_wconf 92' lang='lat'>„</span> <span class='ocrx_word' id='word_1_189' title='bbox 279 3598 369 3659; x_wconf 91' lang='lat' dir='ltr'>,non</span> <span class='ocrx_word' id='word_1_190' title='bbox 397 3595 440 3640; x_wconf 86' lang='lat' dir='ltr'>ex</span> <span class='ocrx_word' id='word_1_191' title='bbox 459 3575 575 3640; x_wconf 91' lang='lat' dir='ltr'>debito</span> <span class='ocrx_word' id='word_1_192' title='bbox 602 3576 646 3639; x_wconf 90' lang='lat' dir='ltr'>ab</span> <span class='ocrx_word' id='word_1_193' title='bbox 671 3575 766 3661; x_wconf 83' lang='lat' dir='ltr'>ipsis,</span> <span class='ocrx_word' id='word_1_194' title='bbox 790 3574 845 3637; x_wconf 86' lang='lat' dir='ltr'>sed</span> <span class='ocrx_word' id='word_1_195' title='bbox 873 3577 1027 3661; x_wconf 87' lang='lat' dir='ltr'>precario</span> <span class='ocrx_word' id='word_1_196' title='bbox 1052 3578 1088 3641; x_wconf 92' lang='lat' dir='ltr'>in</span> 
     </span>
     <span class='ocr_line' id='line_1_31' title="bbox 264 3665 1120 3816; baseline -0.007 -61.893"><span class='ocrx_word' id='word_1_197' title='bbox 264 3687 471 3816; x_wconf 82' lang='lat' dir='ltr'>„rationern</span> <span class='ocrx_word' id='word_1_198' title='bbox 500 3686 630 3786; x_wconf 83' lang='lat' dir='ltr'>Regum</span> <span class='ocrx_word' id='word_1_199' title='bbox 661 3684 871 3768; x_wconf 88' lang='lat' dir='ltr'>obtinendis,</span> <span class='ocrx_word' id='word_1_200' title='bbox 909 3686 956 3751; x_wconf 87' lang='lat' dir='ltr'>ad</span> <span class='ocrx_word' id='word_1_201' title='bbox 984 3685 1088 3749; x_wconf 85' lang='lat' dir='ltr'>finem</span> <span class='ocrx_word' id='word_1_202' title='bbox 1111 3665 1120 3682; x_wconf 74' lang='grc'><em>’</em></span> 
     </span>
     <span class='ocr_line' id='line_1_32' title="bbox 881 3787 1068 3872; baseline -0.016 -18"><span class='ocrx_word' id='word_1_203' title='bbox 881 3826 883 3829; x_wconf 94' lang='lat'>·</span> <span class='ocrx_word' id='word_1_204' title='bbox 941 3833 967 3872; x_wconf 89' lang='lat'>„</span> <span class='ocrx_word' id='word_1_205' title='bbox 981 3787 1068 3854; x_wconf 63' lang='lat' dir='ltr'>ubre·</span> 
     </span>
    </p>
   </div>
   <div class='ocr_carea' id='block_1_5' title="bbox 0 0 1295 4550">
    <p class='ocr_par' dir='ltr' id='par_1_5' title="bbox 0 0 1295 4550">
     <span class='ocr_line' id='line_1_33' title="bbox 0 0 1295 4550; baseline 0 0"><span class='ocrx_word' id='word_1_206' title='bbox 0 0 1295 4550; x_wconf 95' lang='lat' dir='ltr'> </span> 
     </span>
    </p>
   </div>
  </div>
 </body>
</html>
